<record><leader>00000cas a22000007a 4500</leader><controlfield tag="001">34482309</controlfield><controlfield tag="008">960328d19091910okuwr n       0    0eng d</controlfield><datafield ind1=" " ind2=" " tag="010"><subfield code="a">sn 96087642 </subfield></datafield><datafield ind1=" " ind2=" " tag="040"><subfield code="a">OBN</subfield><subfield code="b">eng</subfield><subfield code="c">OBN</subfield><subfield code="d">OCLCQ</subfield><subfield code="d">OCLCF</subfield><subfield code="d">OCLCO</subfield></datafield><datafield ind1="1" ind2=" " tag="029"><subfield code="a">AU@</subfield><subfield code="b">000025920914</subfield></datafield><datafield ind1=" " ind2=" " tag="042"><subfield code="a">msc</subfield></datafield><datafield ind1=" " ind2=" " tag="043"><subfield code="a">n-us-ok</subfield></datafield><datafield ind1="0" ind2="0" tag="245"><subfield code="a">Junction advocate.</subfield></datafield><datafield ind1=" " ind2=" " tag="260"><subfield code="a">Junction, Comanche County, Okla. :</subfield><subfield code="b">W.C. Lewis</subfield></datafield><datafield ind1=" " ind2=" " tag="300"><subfield code="a">v.</subfield></datafield><datafield ind1=" " ind2=" " tag="310"><subfield code="a">Weekly</subfield></datafield><datafield ind1="0" ind2=" " tag="362"><subfield code="a">Vol. 4, no. 14 (July 1, 1909)-v. 4, no. 42 (Jan. 21, 1910).</subfield></datafield><datafield ind1=" " ind2="0" tag="651"><subfield code="a">Junction (Okla.)</subfield><subfield code="v">Newspapers.</subfield></datafield><datafield ind1=" " ind2="0" tag="651"><subfield code="a">Comanche County (Okla.)</subfield><subfield code="v">Newspapers.</subfield></datafield><datafield ind1=" " ind2="7" tag="655"><subfield code="a">Newspapers.</subfield><subfield code="2">fast</subfield><subfield code="0">(OCoLC)fst01423814</subfield></datafield><datafield ind1=" " ind2="7" tag="651"><subfield code="a">Oklahoma</subfield><subfield code="z">Comanche County.</subfield><subfield code="2">fast</subfield><subfield code="0">(OCoLC)fst01218116</subfield></datafield><datafield ind1=" " ind2="7" tag="651"><subfield code="a">Oklahoma</subfield><subfield code="z">Junction.</subfield><subfield code="2">fast</subfield><subfield code="0">(OCoLC)fst01303675</subfield></datafield><datafield ind1=" " ind2=" " tag="752"><subfield code="a">United States</subfield><subfield code="b">Oklahoma</subfield><subfield code="c">Comanche</subfield><subfield code="d">Junction.</subfield></datafield><datafield ind1="0" ind2="0" tag="780"><subfield code="t">Geronimo advocate (Geronimo, Okla. : 1906)</subfield><subfield code="w">(DLC)sn 96087585</subfield><subfield code="w">(OCoLC)34377274</subfield></datafield><datafield ind1="0" ind2="0" tag="785"><subfield code="t">Indiahoma advocate</subfield><subfield code="w">(DLC)sn 96087643</subfield><subfield code="w">(OCoLC)34482388</subfield></datafield></record>